<collection xmlns="http://www.loc.gov/MARC21/slim"><record><leader>00959nam  2200253   450</leader><controlfield tag="001">986</controlfield><controlfield tag="003">http://montalegre.opacnet.com/OPAC/default.aspx?ContentAreaControl=ShowRegHoldings.ascx&amp;RegNo=16662</controlfield><datafield tag="100" ind1=" " ind2=" "><subfield code="a">19930924d1952    km y0pory010305  ba</subfield></datafield><datafield tag="101" ind1="1" ind2=" "><subfield code="a">por</subfield><subfield code="c">ger</subfield></datafield><datafield tag="102" ind1=" " ind2=" "><subfield code="a">PT</subfield></datafield><datafield tag="200" ind1="1" ind2=" "><subfield code="a">&lt;O &gt;homem sem qualidades</subfield><subfield code="f">Robert Musil</subfield><subfield code="g">trad. de Mário Braga</subfield></datafield><datafield tag="210" ind1=" " ind2=" "><subfield code="a">Lisboa</subfield><subfield code="c">Livros do Brasil</subfield><subfield code="d">cop. 1952</subfield></datafield><datafield tag="215" ind1=" " ind2=" "><subfield code="a">3 vols.</subfield><subfield code="d">22 cm</subfield></datafield><datafield tag="225" ind1="2" ind2=" "><subfield code="a">Dois mundos</subfield><subfield code="v">115</subfield></datafield><datafield tag="304" ind1=" " ind2=" "><subfield code="a">Tit. orig. : Der mann ohne eigenschaften</subfield></datafield><datafield tag="327" ind1="0" ind2=" "><subfield code="a">Vol. 1 : 492 p. - Vol. 2 : 430 p.</subfield></datafield><datafield tag="675" ind1=" " ind2=" "><subfield code="a">821</subfield></datafield><datafield tag="700" ind1=" " ind2="1"><subfield code="a">Musil</subfield><subfield code="b">Robert</subfield><subfield code="f">1880-1942</subfield></datafield><datafield tag="801" ind1=" " ind2="0"><subfield code="a">PT</subfield><subfield code="b">Biblioteca Municipal de Montalegre</subfield><subfield code="g">RPC</subfield></datafield><datafield tag="856" ind1=" " ind2=" "><subfield code="u">locateMedia.asp?cod=20060705103211&amp;ext=jpg</subfield><subfield code="z">CAPA</subfield></datafield><datafield tag="856" ind1=" " ind2=" "><subfield code="u">locateMedia.asp?cod=20060705103229&amp;ext=jpg</subfield><subfield code="z">CAPA</subfield></datafield><datafield tag="856" ind1=" " ind2=" "><subfield code="u">locateMedia.asp?cod=20060705103241&amp;ext=jpg</subfield><subfield code="z">CAPA</subfield></datafield><datafield tag="909" ind1="&#9;" ind2=" "><subfield code="a">3</subfield></datafield><datafield tag="966" ind1=" " ind2=" "><subfield code="a">0009025</subfield><subfield code="l">BMM</subfield><subfield code="s">SCG 821 MUS hom 115 Vol.I</subfield></datafield><datafield tag="966" ind1=" " ind2=" "><subfield code="a">0009026</subfield><subfield code="l">BMM</subfield><subfield code="s">SCG 821 MUS hom 115-A Vol.II</subfield></datafield><datafield tag="966" ind1=" " ind2=" "><subfield code="a">0009027</subfield><subfield code="l">BMM</subfield><subfield code="s">SCG 821 MUS hom 115-B Vol.III</subfield></datafield></record></collection>